@misc{gamerwiki2024,
  author = {{Gamer Wiki Contributors}},
  title = {Shoot 'em up},
  howpublished = {\url{https://gamer.fandom.com/es/wiki/Shoot_%27em_up}},
  year = {2024},
  note = {Consultado: 8 de septiembre de 2024}
}